<?xml version="1.0" encoding="UTF-8"?><collection xmlns="http://www.loc.gov/MARC21/slim"><record><leader>00383nam--2200121-i-4500</leader><controlfield tag="001">000019710</controlfield><controlfield tag="002">20161230</controlfield><controlfield tag="005">20161230201033</controlfield><controlfield tag="008">060222s1000------------r-----000-0-eng-d</controlfield><datafield ind1=" " ind2=" " tag="080"><subfield code="a">621.039.534</subfield></datafield><datafield ind1=" " ind2=" " tag="245"><subfield code="a">Emergengy core cooling.report of advisory task force on power reactor emergency cooling</subfield></datafield><datafield ind1=" " ind2=" " tag="260"><subfield code="a">Oak Ridge, Tenn., U.S. Atomi Energy Commission F.An. Iv + 226 P</subfield></datafield><datafield ind1=" " ind2=" " tag="852"><subfield code="a">45493</subfield></datafield></record></collection>